@book{poetaBreve,
title ={{Metete pué o seguite metiendo }},
author ={Zepeda, Gil},
year ={2011}
}
